@misc{Garcia07,
  author       = {Carlos García Hernández},
  title        = {Digitalización de procesos administrativos en empresas manufactureras},
  howpublished = {Proyecto de Integración, UAM Azcapotzalco},
  year         = {2007},
  note         = {Consultado el 28 de marzo de 2025},
  url          = {https://piic.azc.uam.mx/trabajos/garcia07.pdf}
}

@article{Nin1992,
  author       = {Juan A. Nin},
  title        = {Automatización de procesos técnicos en organizaciones de servicios},
  journal      = {Revista Iberoamericana de Automatización},
  volume       = {6},
  number       = {2},
  pages        = {75--84},
  year         = {1992},
  issn         = {0254-0770}
}

@article{Rodeiro2012,
  author       = {David Rodeiro Pazos and Nuria Calvo Babío and Sara Fernández López},
  title        = {La gestión empresarial como factor clave de desarrollo de las spin-offs universitarias},
  journal      = {Cuadernos de Gestión},
  volume       = {12},
  number       = {1},
  pages        = {59--81},
  year         = {2012},
  doi          = {10.5295/cdg.100211dr},
  url          = {https://www.redalyc.org/pdf/2743/274323553002.pdf}
}

@mastersthesis{Flores2015,
  author       = {Silvia Elena Flores Orozco},
  title        = {Proceso Administrativo y Gestión Empresarial en COPROABAS, Jinotega 2010-2013},
  school       = {Universidad Nacional Autónoma de Nicaragua},
  year         = {2015},
  url          = {https://repositorio.unan.edu.ni/id/eprint/1800/1/5330.pdf}
}

@misc{Reyes2012,
  author       = {Giovanni E. Reyes},
  title        = {Gestión Empresarial y Desarrollo},
  howpublished = {Proyecto de Investigación, Universidad del Rosario},
  year         = {2012},
  note         = {ISSN 0124-8219},
  url          = {https://repository.urosario.edu.co/server/api/core/bitstreams/a9fa517e-e931-4e7c-a96c-f4e400d816c3/content}
}

@misc{Patino2019,
  author       = {Pedro José Patiño Soto},
  title        = {Planeación Estratégica y Nuevos Proyectos en Empresa Propia},
  howpublished = {Proyecto de Grado, Universidad Icesi},
  year         = {2019},
  url          = {https://repository.icesi.edu.co/biblioteca_digital/bitstream/10906/84711/1/TG02480.pdf}
}